<?xml version="1.0" encoding="UTF-8"?><collection><record><leader>06502ntm a2200613 a 4500</leader><controlfield tag="001">005985715</controlfield><controlfield tag="003">MiAaHDL</controlfield><controlfield tag="005">20190719000000.0</controlfield><controlfield tag="006">m        d        </controlfield><controlfield tag="007">cr bn ---auaua</controlfield><controlfield tag="008">090406s13uu    xx            00| ||ara d</controlfield><datafield tag="035" ind1=" " ind2=" "><subfield code="a">(MiU)005985715</subfield></datafield><datafield tag="035" ind1=" " ind2=" "><subfield code="a">sdr-miu005985715</subfield></datafield><datafield tag="040" ind1=" " ind2=" "><subfield code="a">MiU</subfield><subfield code="c">MiU</subfield><subfield code="e">amremm</subfield></datafield><datafield tag="043" ind1=" " ind2=" "><subfield code="a">n-us-mi</subfield></datafield><datafield tag="100" ind1="1" ind2=" "><subfield code="6">880-01</subfield><subfield code="a">ʻUkbarī, ʻAbd Allāh ibn al-Ḥusayn,</subfield><subfield code="d">1143 or 1144-1219.</subfield></datafield><datafield tag="240" ind1="1" ind2="0"><subfield code="6">880-02</subfield><subfield code="a">Imlāʼ mā manna bihi al-Raḥmān</subfield></datafield><datafield tag="245" ind1="1" ind2="0"><subfield code="6">880-03</subfield><subfield code="a">Kitāb al-Tibyān fī iʻrāb al-Qurʼān,</subfield><subfield code="f">[14th century].</subfield></datafield><datafield tag="246" ind1="3" ind2=" "><subfield code="i">Title from inscription on opening leaf (p.1):</subfield><subfield code="a">تبيان في اعراب القرآن</subfield></datafield><datafield tag="246" ind1="3" ind2=" "><subfield code="i">Edge title (tail):</subfield><subfield code="a">تبيان في اعراب القرآن</subfield></datafield><datafield tag="246" ind1="3" ind2="0"><subfield code="6">880-04</subfield><subfield code="a">Tibyān fī iʻrāb al-Qurʼān</subfield></datafield><datafield tag="260" ind1=" " ind2=" "><subfield code="c">[13--].</subfield></datafield><datafield tag="300" ind1=" " ind2=" "><subfield code="a">190 leaves :</subfield><subfield code="b">paper ;</subfield><subfield code="c">245 x 165 (190-210 x 130) mm.</subfield></datafield><datafield tag="500" ind1=" " ind2=" "><subfield code="a">Shelfmark: Ann Arbor, University of Michigan, Special Collections Library, Isl. Ms. 452</subfield></datafield><datafield tag="500" ind1=" " ind2=" "><subfield code="a">Origin: Lacks dated colophon ; hand and paper suggest very late 13th or 14th century.</subfield></datafield><datafield tag="500" ind1=" " ind2=" "><subfield code="a">Accompanying materials: a. Inventory cataloguing slip in hand of Winifred Smeaton Thomas. -- b. Acquisitions slip from Yahuda. -- c. Scrap marking 'hand change' (paginated pp.209-210).</subfield></datafield><datafield tag="500" ind1=" " ind2=" "><subfield code="a">Former shelfmark: From inscription on interior of upper cover, "IL 39a" (likely supplied by Yahuda, see acquisitions slip) ; "۲۸۰" on 'title page' (p.3).</subfield></datafield><datafield tag="500" ind1=" " ind2=" "><subfield code="a">Binding: Pasteboards covered in block-printed paper (repeating star/flower, circle motif) over marbled paper (in blue and white) with spine and edges/turn-ins in brown leather ; Type II binding (with flap, now fully detached) ; board linings in laid paper ; sewn in white thread, two stations ; worked endbands in blue and white, largely intact ; overall in poor condition with upper cover entirely detached, flap entirely detached, abrasion, lifting and losses of leather, etc. ; housed in box for protection.</subfield></datafield><datafield tag="500" ind1=" " ind2=" "><subfield code="a">Support: non-European (likely Arab) laid paper of medium thickness with 10 laid lines per cm (horizontal) ; chain lines difficult to examine but appear to be 2 sets of 3, with 16-18 mm. between lines and roughly 50 mm. between sets.</subfield></datafield><datafield tag="500" ind1=" " ind2=" "><subfield code="a">Decoration: Section headings and keywords setoff in larger, heavier script though not rubricated.</subfield></datafield><datafield tag="500" ind1=" " ind2=" "><subfield code="a">Script: Naskh ; clear Syrian or Egyptian hand, larger in the opening and final section but smaller in between ; apparent hand changes around p.208 and again at p.363 ; opening hand mainly serifless, with alifs sometimes tapered with slight left foot (more pronounced in section headings), very slight effect of tilt to the left and of words descending to the left, mix of open and closed counters, and somewhat casually pointed ; following hands are very similar though second hand is certainly more compact with greater use of kāf mashqūqah in the final position and final hand is more liberally pointed (even alif maqṣūrah), with final hāʼ closed (approaching muḥdawdabah or makhṭūfah), and final yāʼ of في mardūdah ; often vocalized.</subfield></datafield><datafield tag="500" ind1=" " ind2=" "><subfield code="a">Layout: Written in 21, 29 and 30 lines per page ; frame-ruled.</subfield></datafield><datafield tag="500" ind1=" " ind2=" "><subfield code="a">Collation: 19 V (190) ; entirely quinions ; catchwords lacking (perhaps cutoff) ; pagination in pencil, Western numerals, supplied during digitization (includes scrap marking 'hand change').</subfield></datafield><datafield tag="500" ind1=" " ind2=" "><subfield code="a">Colophon: "Authorial," reads: "قال الشيخ هذا اخر ما تيسر من املاء كتاب التبيان في اعراب القرآن ونسأل الله ان يوفقنا لشكر ..."</subfield></datafield><datafield tag="500" ind1=" " ind2=" "><subfield code="a">Explicit: "قوله من الجنة هو بدل من شرٍ اعاده العامل اي من شر الجنة وقيل هو بدل من ذي الوسواس لان الموسوس من الجن وقيل هو حال من الضمير في يوسوس اي يوسوس وهو من الجن وقيل هو بدل من الناس اي في صدور الجنة وجعل من تبيينا واطلق على الجن اسم الناس لانهم يتحركون في مراداتهم والجن والجنة بمعنى وقيل من الجنة حال من الناس اي كائنين من القبيلين واما الناس لالخيار فقيل هو معطوف على ذي الوسواس اي من شر القبيلين وقيل هو معطوف على الجنة"</subfield></datafield><datafield tag="500" ind1=" " ind2=" "><subfield code="a">Incipit: "الحمد لله الذي وفقنا لحفظ كتابه ووقفنا على الجليل من حكمه واحكامه وآدابه والهمنا بتدبر معانيه ووجوه اعرابه وعرفنا فنون اساليبه من حقيقته ومجازه وايجازه واسهابه احمده على الاعتصام بامتن اسبابه واشهد ان لا اله الا الله وحده لا شريك له"</subfield></datafield><datafield tag="500" ind1=" " ind2=" "><subfield code="a">Title from inscription on 'title page' (p.3).</subfield></datafield><datafield tag="500" ind1=" " ind2=" "><subfield code="a">Ms. codex.</subfield></datafield><datafield tag="510" ind1="4" ind2=" "><subfield code="a">Brockelmann, C. GAL,</subfield><subfield code="c">I 282</subfield></datafield><datafield tag="520" ind1="8" ind2=" "><subfield code="a">Fine copy of al-ʻUkbarī's philological commentary on the semantic grammar of the Qurʼān. Description provided by Noah Gardiner.</subfield></datafield><datafield tag="538" ind1=" " ind2=" "><subfield code="a">Mode of access: Internet.</subfield></datafield><datafield tag="541" ind1=" " ind2=" "><subfield code="a">Acquired in 1926 from the bookseller Isaac Benjamin S.E. Yahuda via purchase transacted on his behalf by Abraham Shalom Yahuda (1877-1951), his younger brother.</subfield></datafield><datafield tag="546" ind1=" " ind2=" "><subfield code="a">Arabic.</subfield></datafield><datafield tag="561" ind1=" " ind2=" "><subfield code="a">Several former owners' marks including that on recto of opening leaf (p.1), large oval seal impression on 'title page' (p.3) and at opening on p.4, poetry and inscriptions on 'title page' (p.3) one of which opens "للشيخ مرشد الدين الفارقي [؟] ..." ; occasional corrections in the hand of the copyist(s) ; a number of short glosses, most of them in the same (difficult) hand with a thin carbon-based ink.</subfield></datafield><datafield tag="630" ind1="0" ind2="0"><subfield code="a">Qurʼan</subfield><subfield code="x">Language, style</subfield><subfield code="v">Early works to 1800.</subfield></datafield><datafield tag="630" ind1="0" ind2="0"><subfield code="a">Qurʼan</subfield><subfield code="v">Commentaries</subfield><subfield code="v">Early works to 1800.</subfield></datafield><datafield tag="650" ind1=" " ind2="0"><subfield code="a">Manuscripts, Arabic</subfield><subfield code="z">Michigan</subfield><subfield code="z">Ann Arbor.</subfield></datafield><datafield tag="650" ind1=" " ind2="0"><subfield code="a">Arabic philology</subfield><subfield code="v">Early works to 1800.</subfield></datafield><datafield tag="650" ind1=" " ind2="0"><subfield code="a">Arabic language</subfield><subfield code="x">Grammar</subfield><subfield code="v">Early works to 1800.</subfield></datafield><datafield tag="773" ind1="0" ind2=" "><subfield code="a">Yahuda Collection.</subfield></datafield><datafield tag="880" ind1="3" ind2="0"><subfield code="6">246-04/</subfield><subfield code="a">تبيان في اعراب القرآن</subfield></datafield><datafield tag="880" ind1="1" ind2="0"><subfield code="6">245-03/</subfield><subfield code="a">كتاب التبيان في إعراب القرآن,</subfield><subfield code="f">[القرن 14م].</subfield></datafield><datafield tag="880" ind1="1" ind2="0"><subfield code="6">240-02/</subfield><subfield code="a">إملاء ما من به الرحمن</subfield></datafield><datafield tag="880" ind1="1" ind2=" "><subfield code="6">100-01/</subfield><subfield code="a">.عكبري، عبد الله بن الحسين</subfield></datafield><datafield tag="CID" ind1=" " ind2=" "><subfield code="a">005985715</subfield></datafield><datafield tag="DAT" ind1="0" ind2=" "><subfield code="a">20190719102633.0</subfield><subfield code="b">20190719000000.0</subfield></datafield><datafield tag="DAT" ind1="1" ind2=" "><subfield code="a">20190719090653.0</subfield><subfield code="b">2019-07-19T16:11:12Z</subfield></datafield><datafield tag="DAT" ind1="2" ind2=" "><subfield code="a">2015-10-02T18:00:03Z</subfield></datafield><datafield tag="CAT" ind1=" " ind2=" "><subfield code="a">SDR-MIU</subfield><subfield code="d">EX LIBRIS - ALEPH</subfield><subfield code="l">prepare.pl-004-008</subfield></datafield><datafield tag="FMT" ind1=" " ind2=" "><subfield code="a">BK</subfield></datafield><datafield tag="HOL" ind1=" " ind2=" "><subfield code="0">sdr-miu005985715</subfield><subfield code="a">MiU</subfield><subfield code="b">SDR</subfield><subfield code="c">MIU</subfield><subfield code="p">mdp.39015079105386</subfield><subfield code="s">MIU</subfield><subfield code="1">005985715</subfield></datafield><datafield tag="974" ind1=" " ind2=" "><subfield code="b">MIU</subfield><subfield code="c">MIU</subfield><subfield code="d">20190719</subfield><subfield code="s">lit-dlps-dc</subfield><subfield code="u">mdp.39015079105386</subfield><subfield code="y">1399</subfield><subfield code="r">pd</subfield><subfield code="q">bib</subfield><subfield code="t">non-US bib date1 &lt; 1879</subfield></datafield></record></collection>